<record><leader>00000cas a2200000 a 4500</leader><controlfield tag="001">8814106</controlfield><controlfield tag="008">820928d18701887iaudn ne      0    0eng  </controlfield><datafield ind1=" " ind2=" " tag="010"><subfield code="a">sn 82015828 </subfield></datafield><datafield ind1=" " ind2=" " tag="040"><subfield code="a">DLC</subfield><subfield code="b">eng</subfield><subfield code="c">DLC</subfield><subfield code="d">NPU</subfield><subfield code="d">OCL</subfield><subfield code="d">NPX</subfield><subfield code="d">INP</subfield><subfield code="d">DLC</subfield><subfield code="d">INP</subfield><subfield code="d">NVG</subfield><subfield code="d">OCL</subfield><subfield code="d">OCLCQ</subfield><subfield code="d">DLC</subfield><subfield code="d">OCLCO</subfield><subfield code="d">OCLCQ</subfield><subfield code="d">OCLCF</subfield></datafield><datafield ind1=" " ind2=" " tag="019"><subfield code="a">9186133</subfield><subfield code="a">9186171</subfield></datafield><datafield ind1="1" ind2=" " tag="029"><subfield code="a">AU@</subfield><subfield code="b">000025834067</subfield></datafield><datafield ind1=" " ind2=" " tag="042"><subfield code="a">pcc</subfield></datafield><datafield ind1=" " ind2=" " tag="043"><subfield code="a">n-us-ia</subfield></datafield><datafield ind1="0" ind2="0" tag="050"><subfield code="a">Newspaper</subfield></datafield><datafield ind1="0" ind2="4" tag="245"><subfield code="a">The Sioux City daily journal.</subfield></datafield><datafield ind1="3" ind2="0" tag="246"><subfield code="a">Sioux City journal</subfield></datafield><datafield ind1="3" ind2="0" tag="246"><subfield code="a">Daily journal</subfield></datafield><datafield ind1=" " ind2=" " tag="260"><subfield code="a">Sioux City, Iowa :</subfield><subfield code="b">Perkins Bros.</subfield></datafield><datafield ind1=" " ind2=" " tag="300"><subfield code="a">v. :</subfield><subfield code="b">ill. ;</subfield><subfield code="c">58 cm.</subfield></datafield><datafield ind1=" " ind2=" " tag="310"><subfield code="a">Daily (except Monday)</subfield></datafield><datafield ind1="1" ind2=" " tag="362"><subfield code="a">Began with Apr. 19, 1870 issue; ceased with Aug. 31, 1887 issue?</subfield></datafield><datafield ind1=" " ind2=" " tag="515"><subfield code="a">Numbering ceased with Aug. 1, 1875 issue.</subfield></datafield><datafield ind1=" " ind2=" " tag="530"><subfield code="a">Also issued on microfilm from the Library of Congress, Photoduplication Service.</subfield></datafield><datafield ind1=" " ind2=" " tag="580"><subfield code="a">Weekly ed.: Sioux City weekly journal.</subfield></datafield><datafield ind1=" " ind2=" " tag="588"><subfield code="a">Description based on: Vol. 1, no. 2 (Apr. 20, 1870).</subfield></datafield><datafield ind1=" " ind2="0" tag="651"><subfield code="a">Sioux City (Iowa)</subfield><subfield code="v">Newspapers.</subfield></datafield><datafield ind1=" " ind2="7" tag="655"><subfield code="a">Newspapers.</subfield><subfield code="2">fast</subfield><subfield code="0">(OCoLC)fst01423814</subfield></datafield><datafield ind1=" " ind2="7" tag="651"><subfield code="a">Iowa</subfield><subfield code="z">Sioux City.</subfield><subfield code="2">fast</subfield><subfield code="0">(OCoLC)fst01204171</subfield></datafield><datafield ind1=" " ind2=" " tag="752"><subfield code="a">United States</subfield><subfield code="b">Iowa</subfield><subfield code="c">Woodbury</subfield><subfield code="d">Sioux City.</subfield></datafield><datafield ind1="1" ind2=" " tag="775"><subfield code="t">Sioux City weekly journal</subfield><subfield code="w">(DLC)sn 84038471</subfield></datafield><datafield ind1="0" ind2="0" tag="785"><subfield code="t">Sioux City journal (Sioux City, Iowa : 1887)</subfield><subfield code="w">(DLC)sn 87058082</subfield></datafield></record>